@article{r1,
author  =   {Gal Milman and Victor Luchangco and Alex Kogan and Erez Petrank and Yossi Lev},
title   =   {BQ: A Lock-Free Queue with Batching},
journaltitle =   {SPAA},
month   =   {7},
year    =   {2018}
}